<?xml version="1.0" encoding="UTF-8"?><record xmlns="http://www.loc.gov/MARC21/slim" xmlns:cinclude="http://apache.org/cocoon/include/1.0" xmlns:zs="http://www.loc.gov/zing/srw/">
  <leader>00496nz  a2200133n  4500</leader>
  <controlfield tag="001">n 2008011487</controlfield>
  <controlfield tag="003">DLC</controlfield>
  <controlfield tag="005">20080219161554.0</controlfield>
  <controlfield tag="008">080215n| acannaabn          |a aaa      </controlfield>
  <datafield tag="010" ind1=" " ind2=" ">
    <subfield code="a">n 2008011487</subfield>
  </datafield>
  <datafield tag="040" ind1=" " ind2=" ">
    <subfield code="a">DLC</subfield>
    <subfield code="b">eng</subfield>
    <subfield code="c">DLC</subfield>
  </datafield>
  <datafield tag="100" ind1="1" ind2=" ">
    <subfield code="a">Asoskova, I︠U︡. V.</subfield>
    <subfield code="q">(I︠U︡lii︠a︡ Vladimirovna)</subfield>
  </datafield>
  <datafield tag="400" ind1="1" ind2=" ">
    <subfield code="a">Asoskova, I︠U︡lii︠a︡ Vladimirovna</subfield>
  </datafield>
  <datafield tag="670" ind1=" " ind2=" ">
    <subfield code="a">Asoskova, I︠U︡. V. Superintuit︠s︡ii︠a︡, 2006:</subfield>
    <subfield code="b">t.p. (I︠U︡. V. Asoskova) colophon (Asoskova I︠U︡lii︠a︡ Vladimirovna)</subfield>
  </datafield>
</record>